<record><leader>00000cas a22000007a 4500</leader><controlfield tag="001">15248184</controlfield><controlfield tag="008">870227d19001928paudn ne      0    0eng d</controlfield><datafield ind1=" " ind2=" " tag="010"><subfield code="a">sn 88079377 </subfield></datafield><datafield ind1=" " ind2=" " tag="040"><subfield code="a">NPH</subfield><subfield code="b">eng</subfield><subfield code="c">NPH</subfield><subfield code="d">OCLCQ</subfield></datafield><datafield ind1=" " ind2=" " tag="042"><subfield code="a">msc</subfield></datafield><datafield ind1="0" ind2="4" tag="245"><subfield code="a">The Warren evening times.</subfield></datafield><datafield ind1=" " ind2=" " tag="260"><subfield code="a">Warren, Pa. :</subfield><subfield code="b">Times Pub. Co.,</subfield><subfield code="c">-1928.</subfield></datafield><datafield ind1=" " ind2=" " tag="300"><subfield code="a">v. :</subfield><subfield code="b">ill. (chiefly advertisements)</subfield></datafield><datafield ind1=" " ind2=" " tag="310"><subfield code="a">Daily (except Sun.)</subfield></datafield><datafield ind1="0" ind2=" " tag="362"><subfield code="a">-Nov. 10, 1928.</subfield></datafield><datafield ind1="1" ind2=" " tag="362"><subfield code="a">Began in 1900?</subfield></datafield><datafield ind1=" " ind2=" " tag="588"><subfield code="a">Description based on: Vol. 1, no. 123 (Jan. 2, 1901).</subfield></datafield><datafield ind1=" " ind2=" " tag="752"><subfield code="a">United States</subfield><subfield code="b">Pennsylvania</subfield><subfield code="c">Warren</subfield><subfield code="d">Warren.</subfield></datafield><datafield ind1="0" ind2=" " tag="775"><subfield code="t">Warren weekly times</subfield><subfield code="w">(DLC)sn 89077019</subfield></datafield><datafield ind1="0" ind2="7" tag="785"><subfield code="t">Warren morning mirror</subfield><subfield code="w">(DLC)sn 88079376</subfield></datafield><datafield ind1="0" ind2="7" tag="785"><subfield code="t">Warren times-mirror</subfield><subfield code="w">(DLC)sn 88079378</subfield></datafield></record>